
@inproceedings{lesk:1977,
  title={Computer Typesetting of Technical Journals on {UNIX}},
  author={Michael Lesk and Brian Kernighan},
  booktitle={Proceedings of American Federation of
             Information Processing Societies: 1977
             National Computer Conference},
  pages={879--888},
  year={1977},
  address={Dallas, Texas}
}
@misc{2nm-barrier,
  author       = {Mark Lapedus},
  url = {https://semiengineering.com/breaking-the-2nm-barrier/},
  title        = {Breaking The 2nm Barrier},
  note = {Last accessed 24 April 2023},
  year         = {2021}
}

@book{ElementaryStatistics,
  title={Elementary Statistics},
  author={Mario F.Triola},
  year={2018}
}

@book{ElementaryStatistics,
  title={Elementary Statistics},
  author={Mario F.Triola},
  year={2018}
}

@book{foster22,
  author         = {Foster et al.},
  chapter        = {11. Analysis of Variance},
  publisher      = {LibreTexts},
  title          = {An Introduction to Psychological Statistics},
  year           = {2022}
}

@inbook{tukey,
  author         = {Douglas C. Montgomery, George C. Runger},
  publisher      = {John Wiley, Sons, Inc},
  title          = {Applied Statistics and Probability for Engineers},
  year           = {2003}
}

@article{dinno15,
  author          = {Alexis Dinno},
  journal         = {The Stata Journal},
  number          = {1},
  title           = {Nonparametric pairwise multiple comparisons in independent groups using Dunn's test},
  pages           = {292-300},
  year            = {2015}
}

@book{NIST,
    author = {Mary Natrella},
    publisher = {NIST},
    year = 2012,
    title = {NIST/SEMATECH e-Handbook of Statistical Methods},
    url = {http://www.itl.nist.gov/div898/handbook/}
}

@article{litho,
author = {Bashroush, Rabih and Rteil, Nour and Kenny, Rich and Wynne, Astrid},
year = {2020},
month = {11},
pages = {1-1},
title = {Optimizing Server Refresh Cycles: The Case for Circular Economy With an Aging Moore's Law},
volume = {PP},
journal = {IEEE Transactions on Sustainable Computing},
doi = {10.1109/TSUSC.2020.3035234}
}

@misc{cores,
    author = {Samuel Mbanaso},
    url = {https://www.auslogics.com/en/articles/does-more-cpu-cores-mean-better-performance/},
    title = {CPU Cores Explained: Does the Number of Cores Affect CPU Performance?},
    year = {2023}
}
@misc{freq,
   
    url = {https://www.intel.com/content/www/us/en/gaming/resources/cpu-clock-speed.html},
    title = {CPU Speed: What Is CPU Clock Speed?},
    year = {2023}
}
@misc{tdp,
    author = {Nolan Foster},
    url = {https://www.acecloudhosting.com/blog/what-is-tdp-for-cpus-and-gpus/},
    title = {What is TDP for CPUs and GPUs?},
    year = {2022}
}
@misc{price,
    author = {Mathew Roberts},
    url = {https://www.quora.com/What-is-the-relationship-between-processing-power-and-price-for-computers#:~:text=Generally%20speaking%2C%20there%20is%20a,and%20require%20more%20advanced%20technologies.},
    title = {What is the relationship between processing power and price for computers?},
    year = {2023}
}
@misc{ldate,
    author = {Neil Cumins},
    url = {https://www.businessnewsdaily.com/10817-slideshow-intel-processors-over-the-years.html},
    title = {Intel Processors Over the Years},
    year = {2023}
}