@misc{syscall,
  author       = {Missouri State University},
  URL          = {https://courses.missouristate.edu/kenvollmar/mars/Help/SyscallHelp.html},
  title        = {SYSCALL functions available in MARS},
  note         = {Last accessed August 2014},
  year         = {2014}
}

@misc{wiki,
  author       = {Wikipedia},
  URL          = {https://en.wikipedia.org/wiki/Calculator},
  title        = {Calculator},
}

@book{textbook,
  title={Computer Organization and Design - The Hardware Software Interface},
  author={David A. Patterson, John L. Hennessy},
  year={Fifth Edition}
}

@article{hhBKU,
  author          = {Khoa Khoa Học & Kỹ Thuật Máy Tính},
  journal         = {Trường Đại học Bách Khoa - ĐHQG HCM},
  title           = {Hướng dẫn thực hành môn Kiến trúc Máy tính},
  pages           = {3-7},
  year            = {2016}
}
